<?xml version="1.0" encoding="UTF-8" ?>
<record Numero="14827691" format="InterXMarc_Complet" type="Authority">
<leader>00372c1 au22000272  45  <Pos Code="0004">00372</Pos>
<Pos Code="05" Sens="notice modifiée">c</Pos>
<Pos Code="06" Sens="notice validée en catalogage courant">1</Pos>
<Pos Code="08" Sens="notice d&apos;autorité">a</Pos>
<Pos Code="09" Sens="titre uniforme musical (TUM)">u</Pos>
<Pos Code="10">2</Pos>
<Pos Code="11">2</Pos>
<Pos Code="1216">00027</Pos>
<Pos Code="17" Sens="autres cas">2</Pos>
<Pos Code="20">4</Pos>
<Pos Code="21">5</Pos>
</leader>
<controlfield tag="001">FRBNF148276917<Pos Code="0001">FR</Pos>
<Pos Code="0204">BNF</Pos>
<Pos Code="0512">14827691</Pos>
<Pos Code="13">7</Pos>
</controlfield>
<controlfield tag="008">021011021011yy    co        1990                             1   <Pos Code="0001">02</Pos>
<Pos Code="0203">10</Pos>
<Pos Code="0405">11</Pos>
<Pos Code="0607">02</Pos>
<Pos Code="0809">10</Pos>
<Pos Code="1011">11</Pos>
<Pos Code="1213" Sens="ne s&apos;applique pas">yy</Pos>
<Pos Code="1820">co </Pos>
<Pos Code="2831">1990</Pos>
<Pos Code="61" Sens="La vedette peut être liée à une notice bibliographique sauf pour l&apos;accès matière RAMEAU">1</Pos>
</controlfield>
<datafield tag="048" ind1=" " ind2=" ">
	<subfield code="b">sa01<Pos Code="0001" Sens="cordes frottées - violon">sa</Pos>
<Pos Code="02">0</Pos>
<Pos Code="03">1</Pos>
</subfield>
	<subfield code="a">oa01<Pos Code="0001" Sens="orchestre - orchestre symphonique XIXe-XXe s.">oa</Pos>
<Pos Code="02">0</Pos>
<Pos Code="03">1</Pos>
</subfield>
</datafield>
<datafield tag="100" ind1=" " ind2=" ">
	<subfield code="3">13896652</subfield>
	<subfield code="w">.0..b.....</subfield>
	<subfield code="a">Ligeti</subfield>
	<subfield code="m">György</subfield>
	<subfield code="d">1923-2006</subfield>
</datafield>
<datafield tag="144" ind1="1" ind2=" ">
	<subfield code="w">....b.....</subfield>
	<subfield code="a">Concertos</subfield>
	<subfield code="b">Violon, orchestre</subfield>
</datafield>
<datafield tag="600" ind1=" " ind2=" ">
	<subfield code="a">Date de composition : 1990-1992</subfield>
</datafield>
<datafield tag="610" ind1=" " ind2=" ">
	<subfield code="a">Konzert für Violine und Orchester . G. Ligeti. - Schott, 2002</subfield>
</datafield>
<datafield tag="917" ind1=" " ind2=" ">
	<subfield code="o">OPD</subfield>
	<subfield code="a">100548930</subfield>
	<subfield code="b">ATUM</subfield>
</datafield>
<Alter Ori="13896652">
<datafield tag="400" ind1=" " ind2=" ">
	<subfield code="w">....b.....</subfield>
	<subfield code="a">Ligeti</subfield>
	<subfield code="m">György Sándor</subfield>
	<subfield code="d">1923-2006</subfield>
</datafield>
</Alter>
<Attr Nom="IDPerenne">ark:/12148/cb148276910</Attr>
<Attr Nom="NumSource">OPD 100548930</Attr>
<Attr Nom="Source" Sens="BnF catalogue général (depuis 1999)">A</Attr>
<Attr Nom="NumAutoriteLiee">13896652</Attr>
<Attr Nom="DateCreation">11/10/ 2002</Attr>
<Attr Nom="ResponsableCreation">MIGV3_FF</Attr>
<Attr Nom="StructCreation">1</Attr>
<Attr Nom="DateDerniereValidation">09/11/ 2010</Attr>
<Attr Nom="ResponsableDerniereValidation">MIGV4</Attr>
<Attr Nom="StructPremiereValidation">1</Attr>
<Attr Nom="DatePremiereValidation">11/10/ 2002</Attr>
<Attr Nom="ResponsablePremiereValidation">MIGV3_FF</Attr>
<Attr Nom="StructDerniereValidation">1</Attr>
<Attr Nom="NumSource">OPP 13918972</Attr>
</record>
